
// Analysis
//// Recherche
@Online{Remote_Piloted_Aerial_Vehicles_2015-03-21, title = {Remote Piloted Aerial Vehicles -- Monash}, author = {}, organization = {}, file = {:./references/Remote Piloted Aerial Vehicles.html:html}, url = {http://www.ctie.monash.edu/hargrave/rpav_home.html}, urldate = {2015-03-21} }

@Online{Drone_Define_Drone_at_Dictionary.com_2015-03-21, title = {Drone - Dictionary}, author = {}, organization = {}, file = {:./references/Drone | Define Drone at Dictionary.com.html:html}, url = {http://dictionary.reference.com/browse/drone}, urldate = {2015-03-21} }

@Online{Geschichte_der_Drohne_-_Nachrichten_Print_-_DIE_WELT_-_Wissen_Print_DW_-_DIE_WELT_2015-03-21, title = {Geschichte der Drohne -- DIE WELT}, author = {}, organization = {}, file = {:./references/Geschichte der Drohne - Nachrichten Print - DIE WELT - Wissen (Print DW) - DIE WELT.html:html}, url = {http://www.welt.de/print/die_welt/wissen/article127106535/Geschichte-der-Drohne.html}, urldate = {2015-03-21} }

@Online{Kleine_Geschichte_der_Drohnen_-_Nachrichten_Print_-_WELT_KOMPAKT_-_Lifestyle_-_DIE_WELT_2015-03-21, title = {Kleine Geschichte der Drohnen -- DIE WELT}, author = {}, organization = {}, file = {:./references/Kleine Geschichte der Drohnen - Nachrichten Print - WELT KOMPAKT - Lifestyle - DIE WELT.html:html}, url = {http://www.welt.de/print/welt_kompakt/print_lifestyle/article135929763/Kleine-Geschichte-der-Drohnen.html}, urldate = {2015-03-21} }

@Online{Informatik_und_Gesellschaft_2015-03-21, title = {Informatik und Gesellschaft -- Universität Oldenburg}, author = {}, organization = {}, file = {:./references/Informatik und Gesellschaft.html:html}, url = {http://www.informatik.uni-oldenburg.de/~iug08/snd/geschichte1.html}, urldate = {2015-03-21} }

@Online{Die_Geschichte_der_Drohnen_DiePresse.com_2015-03-21, title = {Die Geschichte der Drohnen -- Die Presse}, author = {}, organization = {}, file = {:./references/Die Geschichte der Drohnen « DiePresse.com.html:html}, url = {http://diepresse.com/home/politik/innenpolitik/1385181/Die-Geschichte-der-Drohnen}, urldate = {2015-03-21} }

@Online{Unbemannte_Luftfahrt__Wikipedia_2015-03-22, title = {Unbemannte Luftfahrt -- Wikipedia}, author = {}, organization = {}, file = {:./references/Unbemannte Luftfahrt – Wikipedia.html:html}, url = {http://de.wikipedia.org/wiki/Unbemannte_Luftfahrt}, urldate = {2015-03-22} }


//// Quadrocopter
@Online{Senkrechtstart_und_-landung__Wikipedia_2015-03-22, title = {Senkrechtstart und -landung -- Wikipedia}, author = {}, organization = {}, file = {:./references/Senkrechtstart und -landung – Wikipedia.html:html}, url = {http://de.wikipedia.org/wiki/Senkrechtstart_und_-landung}, urldate = {2015-03-22} }

@Online{Quadrocopter__Wikipedia_2015-03-22, title = {Quadrocopter -- Wikipedia}, author = {}, organization = {}, file = {:./references/Quadrocopter – Wikipedia.html:html}, url = {http://de.wikipedia.org/wiki/Quadrocopter}, urldate = {2015-03-22} }

@Online{Crazyflie_2.0_Seeedstudio_2015-03-22, title = {Crazyflie 2.0 -- Seeedstudio}, author = {}, organization = {}, file = {:./references/Buy Crazyflie 2.0 [110990440] | Seeedstudio.html:html}, url = {http://www.seeedstudio.com/depot/Crazyflie-20-p-2103.html}, urldate = {2015-03-22} }

@Online{IaTsI_2015-03-25, title = {IaTsI}, author = {}, organization = {}, file = {:./references/IaTsI.html:html}, url = {http://iatsi.blogspot.ch/}, urldate = {2015-03-25} }

//// Ist-Analyse
////// Leap
@Online{Leap_Motion_Motion_Controller_2015-03-27, title = {Leap Motion}, author = {}, organization = {}, file = {:./references/Leap Motion | Mac & PC Motion Controller for Games, Design, & More.html:html}, url = {https://www.leapmotion.com/}, urldate = {2015-03-27} }

@Online{API_Overview__Leap_Motion_v2.2_documentation_2015-03-27, title = {API Overview, SDK v2.2 documentation -- Leap Motion Developers}, author = {}, organization = {}, file = {:./references/API Overview — Leap Motion C# SDK v2.2 documentation.html:html}, url = {https://developer.leapmotion.com/documentation/csharp/devguide/Leap_Overview.html}, urldate = {2015-03-27} }


@Online{Leap_Motion_Developers_2015-03-27, title = {VR -- Leap Motion Developers}, author = {}, organization = {}, file = {:./references/Leap Motion Developers.html:html}, url = {https://developer.leapmotion.com/vr}, urldate = {2015-03-27} }

@Online{Move_Over_Kinect:_Early_Gestural_Musical_Demos_for_Leap_Motion_Look_Terrific_-_Create_Digital_Music_2015-03-27, title = {Create Digital Music}, author = {}, organization = {}, file = {:./references/Move Over, Kinect: Early Gestural Musical Demos for Leap Motion Look Terrific - Create Digital Music.html:html}, url = {http://createdigitalmusic.com/}, urldate = {2015-03-27} }

@Online{Leap_Motion_-_VJs_Magazine_2015-03-27, title = {Leap Motion - VJs Magazine}, author = {}, organization = {}, file = {:./references/Leap Motion - VJs Magazine.html:html}, url = {http://www.vjsmag.com/shop/leap-motion/}, urldate = {2015-03-27} }

@Online{Getting_Started_Leap_Motion_Developers_2015-03-28, title = {Getting Started -- Leap Motion Developers}, author = {}, organization = {}, file = {:./references/Getting Started | Leap Motion Developers.html:html}, url = {https://developer.leapmotion.com/getting-started}, urldate = {2015-03-28} }

@Online{Getting_Started_Leap_Motion_Developers_2015-03-28, title = {Getting Started -- Leap Motion Developers}, author = {}, organization = {}, file = {:./references/Getting Started | Leap Motion Developers.html:html}, url = {https://developer.leapmotion.com/getting-started/javascript}, urldate = {2015-03-28} }

@Online{Python_SDK_Documentation__Leap_Motion_Python_SDK_v2.2_documentation_2015-03-28, title = {Python SDK Documentation -- Leap Motion Developers}, author = {}, organization = {}, file = {:./references/Python SDK Documentation — Leap Motion Python SDK v2.2 documentation.html:html}, url = {https://developer.leapmotion.com/documentation/python/index.html}, urldate = {2015-03-28} }

////// Drone
@Online{index_Bitcraze_Wiki_2015-03-29, title = {Bitcraze Wiki}, author = {}, organization = {}, file = {:./references/index [Bitcraze Wiki].html:html}, url = {http://wiki.bitcraze.se/}, urldate = {2015-03-29} }

@Online{doc_crazyflie_index_Bitcraze_Wiki_2015-03-29, title = {Crazyflie Generic Doc -- Bitcraze Wiki}, author = {}, organization = {}, file = {:./references/doc:crazyflie:index [Bitcraze Wiki].html:html}, url = {http://wiki.bitcraze.se/doc:crazyflie:index}, urldate = {2015-03-29} }

@Online{projects_crazyflie_hardware_explained_Bitcraze_Wiki_2015-03-29, title = {Crazyflie 1.0 Hardwareprojects Explained -- Bitcraze Wiki}, author = {}, organization = {}, file = {:./references/projects:crazyflie:hardware:explained [Bitcraze Wiki].html:html}, url = {http://wiki.bitcraze.se/projects:crazyflie:hardware:explained}, urldate = {2015-03-29} }

@Online{projects_crazyflie2_index_Bitcraze_Wiki_2015-03-29, title = {Crazyflie 2.0 -- Bitcraze Wiki}, author = {}, organization = {}, file = {:./references/projects:crazyflie2:index [Bitcraze Wiki].html:html}, url = {http://wiki.bitcraze.se/projects:crazyflie2:index}, urldate = {2015-03-29} }

@Online{projects_crazyflie2_architecture_index_Bitcraze_Wiki_2015-03-29, title = {Crazyflie 2.0 Architecture -- Bitcraze Wiki}, author = {}, organization = {}, file = {:./references/projects:crazyflie2:architecture:index [Bitcraze Wiki].html:html}, url = {http://wiki.bitcraze.se/projects:crazyflie2:architecture:index}, urldate = {2015-03-29} }

@Online{projects_crazyflie2_hardware_specification_Bitcraze_Wiki_2015-03-29, title = {Crazyflie 2.0 Hardware Specification -- Bitcraze Wiki}, author = {}, organization = {}, file = {:./references/projects:crazyflie2:hardware:specification [Bitcraze Wiki].html:html}, url = {http://wiki.bitcraze.se/projects:crazyflie2:hardware:specification}, urldate = {2015-03-29} }

//// Soll-Analyse


//// Concept

